<?xml version="1.0" encoding="UTF-8"?><record xmlns="http://www.loc.gov/MARC21/slim" xmlns:cinclude="http://apache.org/cocoon/include/1.0" xmlns:zs="http://www.loc.gov/zing/srw/">
  <leader>00592nz  a2200157n  4500</leader>
  <controlfield tag="001">no2010146121</controlfield>
  <controlfield tag="003">DLC</controlfield>
  <controlfield tag="005">20100910075349.0</controlfield>
  <controlfield tag="008">100908n| acannaabn          |n ana     c</controlfield>
  <datafield tag="010" ind1=" " ind2=" ">
    <subfield code="a">no2010146121</subfield>
  </datafield>
  <datafield tag="035" ind1=" " ind2=" ">
    <subfield code="a">(OCoLC)oca08617852</subfield>
  </datafield>
  <datafield tag="040" ind1=" " ind2=" ">
    <subfield code="a">CSt</subfield>
    <subfield code="b">eng</subfield>
    <subfield code="c">CSt</subfield>
  </datafield>
  <datafield tag="151" ind1=" " ind2=" ">
    <subfield code="a">Vaugneray (France : Canton)</subfield>
  </datafield>
  <datafield tag="670" ind1=" " ind2=" ">
    <subfield code="a">Dictionnaire topographique de l'Ouest Lyonnais, 2009:</subfield>
    <subfield code="b">t.p. (cantons de Vaugneray et de Tassin-la-Demi-Lune, département du Rhône)</subfield>
  </datafield>
  <datafield tag="670" ind1=" " ind2=" ">
    <subfield code="a">Dict. nat. des communes de France, c1997:</subfield>
    <subfield code="b">p. 1324 (Vaugneray; canton, arr. Lyon, [dép.] Rhône)</subfield>
  </datafield>
  <datafield tag="675" ind1=" " ind2=" ">
    <subfield code="a">GEONet, Aug. 24, 2010</subfield>
  </datafield>
</record>